@inproceedings{goldschlag1996hiding,
  title={Hiding routing information},
  author={Goldschlag, David M and Reed, Michael G and Syverson, Paul F},
  booktitle={International Workshop on Information Hiding},
  pages={137--150},
  year={1996},
  organization={Springer}
}

@misc{latency,
	title = {Introduction to Latency on Computer Networks},
	howpublished = {\url{https://www.lifewire.com/latency-on-computer-networks-818119}},
	note = {Accessed: 2016-11-17}
}

@misc{rendezvousPoints,
	title = {Tor: Hidden Service Protocol},
	howpublished = {\url{https://www.torproject.org/docs/hidden-services.html.en}},
	note = {Accessed: 2016-11-17}
}

@misc{tor,
	title = {Tor: Overview},
	howpublished = {\url{https://www.torproject.org/about/overview.html.en}},
	note = {Accessed: 2016-11-17}
}

@article{reed1998anonymous,
	title={Anonymous connections and onion routing},
	author={Reed, Michael G and Syverson, Paul F and Goldschlag, David M},
	journal={IEEE Journal on Selected areas in Communications},
	volume={16},
	number={4},
	pages={482--494},
	year={1998},
	publisher={IEEE}
}
